<marc:record xmlns:marc="http://www.loc.gov/MARC21/slim" xmlns:xsi="http://www.w3.org/2001/XMLSchema-instance" xsi:schemaLocation="http://www.loc.gov/MARC21/slim http://www.loc.gov/standards/marcxml/schema/MARC21slim.xsd">
  <marc:leader>     cam a2200265 a 45M</marc:leader>
  <marc:controlfield tag="001">001685759</marc:controlfield>
  <marc:controlfield tag="003">NNU</marc:controlfield>
  <marc:controlfield tag="005">20061010173309.0</marc:controlfield>
  <marc:controlfield tag="008">000626m19229999sy c          000 0 ara d</marc:controlfield>
  <marc:datafield tag="035" ind1="9" ind2=" ">
    <marc:subfield code="a">NYUb12229200</marc:subfield>
  </marc:datafield>
  <marc:datafield tag="035" ind1=" " ind2=" ">
    <marc:subfield code="a">(NNU)NYUb12229200</marc:subfield>
  </marc:datafield>
  <marc:datafield tag="040" ind1=" " ind2=" ">
    <marc:subfield code="a">NjP</marc:subfield>
    <marc:subfield code="c">NjP</marc:subfield>
    <marc:subfield code="d">MH</marc:subfield>
    <marc:subfield code="d">CStRLIN</marc:subfield>
    <marc:subfield code="d">UaCaAUL</marc:subfield>
  </marc:datafield>
  <marc:datafield tag="066" ind1=" " ind2=" ">
    <marc:subfield code="c">(3</marc:subfield>
  </marc:datafield>
  <marc:datafield tag="090" ind1=" " ind2=" ">
    <marc:subfield code="a">PJ7661</marc:subfield>
    <marc:subfield code="b">.U2</marc:subfield>
  </marc:datafield>
  <marc:datafield tag="245" ind1="0" ind2="0">
    <marc:subfield code="6">01</marc:subfield>
    <marc:subfield code="a">Mashāhīr shuʻarāʼ al-ʻaṣr fī al-aqṭār al-ʻArabīyah al-thalāthah :</marc:subfield>
    <marc:subfield code="b">Miṣr wa-Sūrīyah wa-al-ʻIrāq /</marc:subfield>
    <marc:subfield code="c">jamaʻahu wa-fassara alfāẓahu al-lughawīyah Aḥmad ʻUbayd.</marc:subfield>
  </marc:datafield>
  <marc:datafield tag="245" ind1="0" ind2="0">
    <marc:subfield code="6">01</marc:subfield>
    <marc:subfield code="a">مشاهير شعراء العصر في الأقطار العربية الثلاثة :</marc:subfield>
    <marc:subfield code="b">مصر وسورية والعراق /</marc:subfield>
    <marc:subfield code="c">جمعه وفسر ألفاظه اللغوية أحمد عبيد.</marc:subfield>
  </marc:datafield>
  <marc:datafield tag="250" ind1=" " ind2=" ">
    <marc:subfield code="6">02</marc:subfield>
    <marc:subfield code="a">al-Ṭabʻah 1.</marc:subfield>
  </marc:datafield>
  <marc:datafield tag="250" ind1=" " ind2=" ">
    <marc:subfield code="6">02</marc:subfield>
    <marc:subfield code="a">الطبعة 1.</marc:subfield>
  </marc:datafield>
  <marc:datafield tag="260" ind1=" " ind2=" ">
    <marc:subfield code="6">03</marc:subfield>
    <marc:subfield code="a">Dimashq :</marc:subfield>
    <marc:subfield code="b">Maṭbaʻat al-Taraqqī,</marc:subfield>
    <marc:subfield code="c">1922-</marc:subfield>
  </marc:datafield>
  <marc:datafield tag="260" ind1=" " ind2=" ">
    <marc:subfield code="6">03</marc:subfield>
    <marc:subfield code="a">دمشق :</marc:subfield>
    <marc:subfield code="b">مطبعة الترقي،</marc:subfield>
    <marc:subfield code="c">1922-</marc:subfield>
  </marc:datafield>
  <marc:datafield tag="300" ind1=" " ind2=" ">
    <marc:subfield code="a">v. :</marc:subfield>
    <marc:subfield code="b">ports. ;</marc:subfield>
    <marc:subfield code="c">23 cm.</marc:subfield>
  </marc:datafield>
  <marc:datafield tag="505" ind1="1" ind2=" ">
    <marc:subfield code="a">al-qism 1. Shuʻarāʼ Miṣr.</marc:subfield>
  </marc:datafield>
  <marc:datafield tag="650" ind1=" " ind2="0">
    <marc:subfield code="a">Arabic poetry.</marc:subfield>
  </marc:datafield>
  <marc:datafield tag="700" ind1="1" ind2=" ">
    <marc:subfield code="a">ʻUbayd, Aḥmad</marc:subfield>
    <marc:subfield code="6">04</marc:subfield>
  </marc:datafield>
  <marc:datafield tag="700" ind1="1" ind2=" ">
    <marc:subfield code="6">04</marc:subfield>
    <marc:subfield code="a">عبيد، أحمد.</marc:subfield>
  </marc:datafield>
  <marc:datafield tag="998" ind1=" " ind2=" ">
    <marc:subfield code="a">20010429</marc:subfield>
    <marc:subfield code="d">20010429</marc:subfield>
    <marc:subfield code="d">20021006</marc:subfield>
    <marc:subfield code="n">NNU</marc:subfield>
    <marc:subfield code="s">6</marc:subfield>
    <marc:subfield code="t">c</marc:subfield>
    <marc:subfield code="z">p</marc:subfield>
  </marc:datafield>
</marc:record>
